<?xml version="1.0" encoding="UTF-8"?><record xmlns="http://www.loc.gov/MARC21/slim" xmlns:cinclude="http://apache.org/cocoon/include/1.0" xmlns:zs="http://www.loc.gov/zing/srw/">
  <leader>00388nz  a2200121n  4500</leader>
  <controlfield tag="001">n  88628634 </controlfield>
  <controlfield tag="003">DLC</controlfield>
  <controlfield tag="005">19880415150631.3</controlfield>
  <controlfield tag="008">880415n| acannaab|          |n aad |||  </controlfield>
  <datafield tag="010" ind1=" " ind2=" ">
    <subfield code="a">n  88628634 </subfield>
  </datafield>
  <datafield tag="040" ind1=" " ind2=" ">
    <subfield code="a">DLC</subfield>
    <subfield code="c">DLC</subfield>
  </datafield>
  <datafield tag="100" ind1="1" ind2="0">
    <subfield code="a">Devers, Dorothy C.</subfield>
  </datafield>
  <datafield tag="670" ind1=" " ind2=" ">
    <subfield code="a">nuc88-45270: Her Christian growth and spiritual direction ... 1980</subfield>
    <subfield code="b">(hdg. on MCE rept.: Devers, Dorothy C.; usage: Dorothy C. Devers)</subfield>
  </datafield>
</record>